<?xml version="1.0" encoding="UTF-8" ?>
<collection xmlns:xsi="http://www.w3.org/2001/XMLSchema-instance" xsi:schemaLocation="http://www.loc.gov/MARC21/slim http://www.loc.gov/standards/marcxml/schema/MARC21slim.xsd" xmlns="http://www.loc.gov/MARC21/slim">
   <record>
      <leader>     cam a22     ua 4500</leader>
      <controlfield tag="001">2878282</controlfield>
      <controlfield tag="003">NIC</controlfield>
      <controlfield tag="005">20140811230945.0</controlfield>
      <controlfield tag="008">850311m19691970iq            001 0 arar </controlfield>
      <datafield tag="010" ind1=" " ind2=" ">
         <subfield code="a">   74961758  </subfield>
      </datafield>
      <datafield tag="035" ind1=" " ind2=" ">
         <subfield code="a">(CStRLIN)NYCXRLA73103B</subfield>
      </datafield>
      <datafield tag="035" ind1=" " ind2=" ">
         <subfield code="a">(NIC)notisAPC9300</subfield>
      </datafield>
      <datafield tag="035" ind1=" " ind2=" ">
         <subfield code="a">(OCoLC)11789625</subfield>
      </datafield>
      <datafield tag="035" ind1=" " ind2=" ">
         <subfield code="a">2878282</subfield>
      </datafield>
      <datafield tag="040" ind1=" " ind2=" ">
         <subfield code="d">TxU-L</subfield>
         <subfield code="d">CStRLIN</subfield>
         <subfield code="d">UPRA</subfield>
      </datafield>
      <datafield tag="050" ind1=" " ind2="4">
         <subfield code="a">KMJ3800</subfield>
         <subfield code="b">.H34 1969</subfield>
      </datafield>
      <datafield tag="100" ind1="1" ind2=" ">
         <subfield code="a">Ḥasanī, ʻAbbās.</subfield>
      </datafield>
      <datafield tag="245" ind1="1" ind2="0">
         <subfield code="a">Sharḥ qānūn al-ʻuqūbāt al-jadīd :</subfield>
         <subfield code="b">majmūʻāt al-muḥāḍarāt allatī ulqiyat ʻalá ṭulāb al-Kullīyah al-ʻAskarīyah wa-Kullīyat Ḍubāt al-Iḥtiyāt wa-al-Shurṭah /</subfield>
         <subfield code="c">[taʾlīf] ʻAbbās al-Ḥasanī.</subfield>
      </datafield>
      <datafield tag="260" ind1=" " ind2=" ">
         <subfield code="a">Baghdād :</subfield>
         <subfield code="b">Maṭbaʻat al-Azhar,</subfield>
         <subfield code="c">[cover 1969-1970-</subfield>
      </datafield>
      <datafield tag="300" ind1=" " ind2=" ">
         <subfield code="a">v. ;</subfield>
         <subfield code="c">24 cm.</subfield>
      </datafield>
      <datafield tag="500" ind1=" " ind2=" ">
         <subfield code="a">Cover title: Sharḥ qānūn al-ʻuqūbāt.</subfield>
      </datafield>
      <datafield tag="500" ind1=" " ind2=" ">
         <subfield code="a">Includes index.</subfield>
      </datafield>
      <datafield tag="504" ind1=" " ind2=" ">
         <subfield code="a">Bibliography: v. 1, p. 370-380.</subfield>
      </datafield>
      <datafield tag="505" ind1="0" ind2=" ">
         <subfield code="a">1. al-Qism al-ʻāmm -- 2. al-Qism al-khāṣṣ.</subfield>
      </datafield>
      <datafield tag="650" ind1=" " ind2="0">
         <subfield code="a">Criminal law</subfield>
         <subfield code="z">Iraq.</subfield>
      </datafield>
      <datafield tag="710" ind1="1" ind2="2">
         <subfield code="a">Iraq.</subfield>
         <subfield code="t">Qānūn al-ʻuqūbāt.</subfield>
      </datafield>
      <datafield tag="740" ind1="0" ind2=" ">
         <subfield code="a">Sharḥ qānūn al-ʻuqūbāt al-ʻIrāqī al-jadīd.</subfield>
      </datafield>
      <datafield tag="905" ind1=" " ind2=" ">
         <subfield code="a">19981218120000.0</subfield>
      </datafield>
      <datafield tag="950" ind1=" " ind2=" ">
         <subfield code="l">LAFO</subfield>
         <subfield code="a">KF3182</subfield>
         <subfield code="b">.H34</subfield>
      </datafield>
      <datafield tag="903" ind1=" " ind2=" ">
         <subfield code="a">NYUACO</subfield>
         <subfield code="d">20141028</subfield>
         <subfield code="p">31924025021555</subfield>
      </datafield>
      <datafield tag="950" ind1=" " ind2=" ">
         <subfield code="a">KMJ3800</subfield>
         <subfield code="b">.H34 1969</subfield>
         <subfield code="v">v.1 </subfield>
      </datafield>
      <datafield tag="903" ind1=" " ind2=" ">
         <subfield code="a">NYUACO</subfield>
         <subfield code="d">20141028</subfield>
         <subfield code="p">31924071260305</subfield>
      </datafield>
      <datafield tag="950" ind1=" " ind2=" ">
         <subfield code="a">KMJ3800</subfield>
         <subfield code="b">.H34 1969</subfield>
         <subfield code="v">v.2 </subfield>
      </datafield>
   </record>
</collection>
